% Notas Imporantes:
% Poner una diagonal investida antes de los siguientes caracteres: #, $, %, ^, &, {, }, ~, [, ], <, >, _
% Caso Particuloar: Diagonal Invertida (\) sustituit por (\textbackslash) y dejar un espacio
% Ver enlace:

% https://www.calculator.net/hours-calculator.html
@Misc{calculator,
  title = "{Calculadora de Horas}",
  howpublished = "\burl{https://www.calculator.net/hours-calculator.html}",    
    note="{{Consultado el \specialdate\today}}" 
}

@Book{gutierrez2020analisis,
  author       = "Gutiérrez López, María del Carmen",
  title        = "Análisis y Diseño de Sistemas con Python",
  publisher    = "Editorial Interciencias",
  year         = "2020",
  address      = "Ciudad de México"
}

@Book{perez2018qt,
  author       = "Pérez García, Juan",
  title        = "Qt6 y Desarrollo de Interfaces Gráficas",
  publisher    = "Ediciones ProgramArte",
  year         = "2018",
  address      = "Madrid"
}

@Book{flores2019programacion,
  author       = "Flores Mendoza, Ana",
  title        = "Programación Avanzada en Python",
  publisher    = "Tecnilibros",
  year         = "2019",
  address      = "Bogotá"
}

@Book{ramirez2021gestion,
  author       = "Ramírez Maldonado, Pedro",
  title        = "Gestión y Control de Proyectos de Software",
  publisher    = "Ediciones Alfa",
  year         = "2021",
  address      = "Lima"
}

@Book{sanchez2017desarrollo,
  author       = "Sánchez Rojas, Felipe",
  title        = "Desarrollo de Aplicaciones Interactivas",
  publisher    = "Ediciones Sigma",
  year         = "2017",
  address      = "Buenos Aires"
}

@Misc{pythonDocs,
  title        = "{Documentación Oficial de Python}",
  howpublished = "\burl{https://docs.python.org/3/}",
  note         = "{{Consultado el \specialdate\today}}"
}

@Misc{qtTutorial,
  title        = "{Tutorial Oficial de Qt6}",
  howpublished = "\burl{https://doc.qt.io/qt-6/}",
  note         = "{{Consultado el \specialdate\today}}"
}

@Misc{devtoHourCalc,
  title        = "{Ejemplo de Cálculo de Horas en Dev.to}",
  howpublished = "\burl{https://dev.to/examples/hours-calculation}",
  note         = "{{Consultado el \specialdate\today}}"
}

@Misc{openSourceTime,
  title        = "{Herramientas Open-Source de Manejo de Tiempo}",
  howpublished = "\burl{https://opensource.example/time-tools}",
  note         = "{{Consultado el \specialdate\today}}"
}

@Misc{calcularRangos,
  title        = "{Cálculo de Rangos de Fechas en Línea}",
  howpublished = "\burl{https://www.example.org/rangos-de-fechas}",
  note         = "{{Consultado el \specialdate\today}}"
}
